%% This BibTeX bibliography file was created using BibDesk.
%% http://bibdesk.sourceforge.net/


%% Created for Olivier Commowick at 2008-06-16 21:02:37 -0400 


%% Saved with string encoding Western (Windows Latin 1) 



@article{Oakes_RStat_1999,
	Author = {David Oakes},
	Journal = {J. R. Statistical Society},
	Number = {2},
	Pages = {479-482},
	Title = {Direct Calculation of the Information Matrix via the {EM} Algorithm},
	Volume = {61},
	Year = {1999}
}

@article{Guimond_CVIU_2000,
	Author = {A. Guimond and J. Meunier and J.-P. Thirion},
	Journal = {Computer Vision and Image Understanding},
	Number = {2},
	Pages = {192-210},
	Title = {Average Brain Models: A Convergence Study},
	Volume = {77},
	Year = {2000}
}

@inproceedings{Commowick_MICCAI_2007,
	Author = {Olivier Commowick and Gr{\'e}goire Malandain},
	Booktitle = {Proceedings of the 10th Int. Conf. on Medical Image Computing and Computer-Assisted Intervention - MICCAI 2007, Part II},
	Pages = {203-210},
	Publisher = {Springer Verlag},
	Series = {LNCS},
	Title = {Efficient Selection of the Most Similar Image in a Database for Critical Structures Segmentation},
	Volume = {4792},
	Year = {2007}
}
